<record xmlns="http://www.loc.gov/MARC21/slim" xmlns:xsi="http://www.w3.org/2001/XMLSchema-instance" xsi:schemaLocation="http://www.loc.gov/MARC21/slim http://www.loc.gov/standards/marcxml/schema/MARC21slim.xsd"><leader>01646nam a2200277   4500</leader><controlfield tag="001">3073930</controlfield><controlfield tag="003">NNC</controlfield><controlfield tag="006">m        d        </controlfield><controlfield tag="007">cr cn |||m|||a</controlfield><controlfield tag="008">150110s1905    ua      o     000 0 ara d</controlfield><datafield ind1=" " ind2=" " tag="040"><subfield code="a">NNU</subfield><subfield code="b">eng</subfield><subfield code="c">NNU</subfield></datafield><datafield ind1="1" ind2=" " tag="100"><subfield code="6">880-01</subfield><subfield code="a">Ha&#772;shimi&#772;, al-Sayyid &#699;Ali&#772;.</subfield></datafield><datafield ind1="1" ind2="0" tag="245"><subfield code="6">880-02</subfield><subfield code="a">Jawa&#772;hir al-bala&#772;ghah fi&#772; al-ma&#699;a&#772;ni&#772; wa-al-baya&#772;n wa-al-badi&#772;&#699;</subfield><subfield code="h">[electronic resource] :</subfield><subfield code="b">(wa-al-&#699;aru&#772;d&#803; wa-al-qawa&#772;fi&#772; wa-fu-nu&#772;n al-shi&#699;r ...)</subfield><subfield code="c">&#699;amal Ah&#803;mad al-Ha&#772;shimi&#772;.</subfield></datafield><datafield ind1=" " ind2=" " tag="260"><subfield code="6">880-03</subfield><subfield code="a">al-Qa&#772;hirah :</subfield><subfield code="b">Mat&#803;ba&#699;at Madrasat Wa&#772;lidat &#699;Abba&#772;s Ba&#772;sha&#772; al-Awwal,</subfield><subfield code="c">1323 h., 1905 m.</subfield></datafield><datafield ind1=" " ind2=" " tag="300"><subfield code="a">online resource (14, 336 p.)</subfield></datafield><datafield ind1=" " ind2=" " tag="500"><subfield code="a">Part of the Arabic Collections Online (ACO) project, contributed by Columbia University Libraries.</subfield></datafield><datafield ind1=" " ind2=" " tag="533"><subfield code="a">Electronic reproduction.</subfield><subfield code="b">New York, N.Y. :</subfield><subfield code="c">New York University,</subfield><subfield code="d">2015.</subfield><subfield code="5">NNU</subfield></datafield><datafield ind1="2" ind2=" " tag="710"><subfield code="a">Columbia University.</subfield><subfield code="b">Libraries.</subfield></datafield><datafield ind1="0" ind2=" " tag="730"><subfield code="a">Arabic Collections Online.</subfield></datafield><datafield ind1="0" ind2="8" tag="776"><subfield code="i">Print version:</subfield><subfield code="a">Ha&#772;shimi&#772;, al-Sayyid &#699;Ali&#772;.</subfield><subfield code="t">Jawa&#772;hir al-bala&#772;ghah fi&#772; al-ma&#699;a&#772;ni&#772; wa-al-baya&#772;n wa-al-badi&#772;&#699;</subfield><subfield code="w">(NNC)3073930</subfield><subfield code="w">(OCoLC)47850916</subfield></datafield><datafield ind1="4" ind2="0" tag="856"><subfield code="u">http://hdl.handle.net/2333.1/8cz8wc8q</subfield></datafield><datafield ind1="1" ind2=" " tag="880"><subfield code="6">100-01/r</subfield><subfield code="a">&#1607;&#1575;&#1588;&#1605;&#1610;&#1548; &#1575;&#1604;&#1587;&#1610;&#1583; &#1593;&#1604;&#1610;.</subfield></datafield><datafield ind1="1" ind2="0" tag="880"><subfield code="6">245-02/r</subfield><subfield code="a">&#1580;&#1608;&#1575;&#1607;&#1585; &#1575;&#1604;&#1576;&#1604;&#1575;&#1594;&#1577; &#1601;&#1610; &#1575;&#1604;&#1605;&#1593;&#1575;&#1606;&#1610; &#1608;&#1575;&#1604;&#1576;&#1610;&#1575;&#1606; &#1608;&#1575;&#1604;&#1576;&#1583;&#1610;&#1593;</subfield><subfield code="b">(&#1608;&#1575;&#1604;&#1593;&#1585;&#1608;&#1590; &#1608;&#1575;&#1604;&#1602;&#1608;&#1575;&#1601;&#1610; &#1608;&#1601;&#1606;&#1608;&#1606; &#1575;&#1604;&#1588;&#1593;&#1585; ...)</subfield><subfield code="c">&#1593;&#1605;&#1604; &#1575;&#1581;&#1605;&#1583; &#1575;&#1604;&#1607;&#1575;&#1588;&#1605;&#1610;.</subfield></datafield><datafield ind1=" " ind2=" " tag="880"><subfield code="6">260-03/r</subfield><subfield code="a">&#1575;&#1604;&#1602;&#1575;&#1607;&#1585;&#1577; :</subfield><subfield code="b">&#1605;&#1591;&#1576;&#1593;&#1577; &#1605;&#1583;&#1585;&#1587;&#1577; &#1608;&#1575;&#1604;&#1583;&#1577; &#1593;&#1576;&#1575;&#1587; &#1576;&#1575;&#1588;&#1575; &#1575;&#1604;&#1575;&#1608;&#1604;&#1548;</subfield><subfield code="c">1323 h., 1905 m.</subfield></datafield><datafield ind1=" " ind2=" " tag="959"><subfield code="a">NNU</subfield><subfield code="b">WEB</subfield><subfield code="c">GENI</subfield><subfield code="t">0</subfield><subfield code="m">Electronic access</subfield><subfield code="s">01</subfield></datafield><datafield ind1=" " ind2=" " tag="999"><subfield code="i">NNC_3073930</subfield><subfield code="o">(OCoLC)47850916</subfield></datafield></record>